@misc{tcpreno,
title={ {TCP} congestion control. {RFC} 5681, {S}eptember},
author={Allman, M. and Paxson, V. and Blanton, E.},
year={2009.}
}

@misc{tcpnewreno,
  title={The {N}ew{R}eno modification to {TCP}'s fast recovery algorithm. {RFC} 6582, {A}pril},
  author={Henderson, T. and Floyd, S. and Gurtov, A. and Nishida, Y.},
  year={2012}
}

@misc{tcp,
title={ Transmission {C}ontrol {P}rotocol. {RFC} 793, {S}eptember},
author={Postel, J.},
year={1997}
}

@article{brakmo1995tcp,
  title={TCP Vegas: End to end congestion avoidance on a global Internet},
  author={Brakmo, Lawrence S. and Peterson, Larry L.},
  journal={Selected Areas in Communications, IEEE Journal on},
  volume={13},
  number={8},
  pages={1465--1480},
  year={1995},
  publisher={IEEE}
}