@inproceedings{chung2007enhanced,
  title={Enhanced RSSI-based real-time user location tracking system for indoor and outdoor environments},
  author={Chung, Wan-Young and others},
  booktitle={Convergence Information Technology, 2007. International Conference on},
  pages={1213--1218},
  year={2007},
  organization={IEEE}
}

@MISC{ble,
      AUTHOR = "RedBleShield",
      TITLE = "Bluetooth Shield",
      NOTE = "\url{http://redbearlab.com/bleshield/}"
}

@MISC{ard,
      AUTHOR = "Arduino",
      TITLE = "Arduino official home page",
      NOTE = "\url{http://www.arduino.cc/}"
}

http://www.arduino.cc/

@electronic{IEEEhowto:IEEEtranpage,
  author        = "Michael Shell",
  title         = "{IEEE}tran Homepage",
  url           = "http://www.michaelshell.org/tex/ieeetran/",
  year          = "2007"
}

